<record><leader>00000cas a22000007a 4500</leader><controlfield tag="001">23156349</controlfield><controlfield tag="008">910226d1uuu1920couwr ne      0    0eng d</controlfield><datafield ind1=" " ind2=" " tag="010"><subfield code="a">sn 91052221 </subfield></datafield><datafield ind1=" " ind2=" " tag="040"><subfield code="a">CNQ</subfield><subfield code="b">eng</subfield><subfield code="c">CNQ</subfield><subfield code="d">OCLCQ</subfield></datafield><datafield ind1=" " ind2=" " tag="042"><subfield code="a">msc</subfield></datafield><datafield ind1="0" ind2="4" tag="245"><subfield code="a">The Larimer County democrat.</subfield></datafield><datafield ind1="1" ind2="3" tag="246"><subfield code="a">Larimer County democrat formerly the Fort Collins argus</subfield></datafield><datafield ind1=" " ind2=" " tag="260"><subfield code="a">Fort Collins, Colo. :</subfield><subfield code="b">Democratic Pub. Co.</subfield></datafield><datafield ind1=" " ind2=" " tag="300"><subfield code="a">v.</subfield></datafield><datafield ind1=" " ind2=" " tag="310"><subfield code="a">Weekly</subfield></datafield><datafield ind1="1" ind2=" " tag="362"><subfield code="a">Ceased in 1920.</subfield></datafield><datafield ind1=" " ind2=" " tag="530"><subfield code="a">Available on microfilm from the Colorado Historical Society.</subfield></datafield><datafield ind1=" " ind2=" " tag="580"><subfield code="a">Merged with: Fort Collins express (Fort Collins, Colo. : 1918 : Weekly), and: Weekly Courier (Fort Collins, Colo.), to form: Larimer County Independent.</subfield></datafield><datafield ind1=" " ind2=" " tag="588"><subfield code="a">Description based on: Vol. 9, no. 36 (Mar. 19, 1904).</subfield></datafield><datafield ind1=" " ind2=" " tag="752"><subfield code="a">United States</subfield><subfield code="b">Colorado</subfield><subfield code="c">Larimer</subfield><subfield code="d">Fort Collins.</subfield></datafield><datafield ind1="0" ind2="0" tag="780"><subfield code="t">Fort Collins argus</subfield></datafield><datafield ind1="1" ind2="7" tag="785"><subfield code="t">Fort Collins express (Fort Collins, Colo. : 1918 : Weekly)</subfield><subfield code="w">(DLC)sn 91052525</subfield></datafield><datafield ind1="1" ind2="7" tag="785"><subfield code="t">Weekly Courier (Fort Collins, Colo.)</subfield><subfield code="w">(DLC)sn 90051609</subfield></datafield><datafield ind1="1" ind2="7" tag="785"><subfield code="t">Larimer County independent</subfield><subfield code="w">(DLC)sn 91052128</subfield></datafield></record>